@article{laine1986rock,
  title={Rock engineering in Finland},
  author={Laine, Ðž and others},
  journal={Finnish Tunneling Association},
  year={1986}
}

@article{OpenFlowSpecification,
  title={Version 1.4.0},
  author={OpenFlow Switch Specification},
  journal={Open Networking Foundation},
  year={2013}
}

@article{peng2007survey,
  title={Survey of network-based defense mechanisms countering the DoS and DDoS problems},
  author={Peng, Tao and Leckie, Christopher and Ramamohanarao, Kotagiri},
  journal={ACM Computing Surveys (CSUR)},
  volume={39},
  number={1},
  pages={3},
  year={2007},
  publisher={ACM}
}


@misc{dosCert,
  author = {CERT CC.},
  title = {{Denial of service attack}},
  howpublished = "\url{http://www.cert.org/tech_tips/denial_of_service.html}"
}

@misc{OpenFlowWP,
  author = {OpenFlow},
  title = {{Open Flow standard}},
  howpublished = "http://archive.openflow.org/"
}

@misc{FreneticWP,
  author = {Frenetic},
  title = {{Frenetic official webpage}},
  howpublished = "http://frenetic-lang.org/overview.php"
}

@misc{CiscoTCPSYN,
  author = {Cisco Inc.},
  title = {{Defenses Against TCP SYN Flooding Attacks}},
  howpublished = "http://www.cisco.com/web/about/ac123/ac147/archived_issues/ipj_9-4/syn_flooding_attacks.html"
}

